@online{wiki-mk-properties,
  title = "Markov Chain",
  chapter = "Properties",
  url = "https://en.wikipedia.org/wiki/Markov_chain#Properties"
}
@online{brilliant-transience-recurrence,
  author = "brilliant.org",
  title = "Transience and Recurrence of Markov Chains",
  url = "https://brilliant.org/wiki/transience-and-recurrence/"
}
@online{mfnf-채-rel,
  title = "Mathe f체r Nicht-Freaks",
  url = "https://de.wikibooks.org/wiki/Mathe_f\%C3\%BCr_Nicht-Freaks:_\%C3\%84quivalenzrelation"
}
@online{mfnf-o-rel,
  title = "Mathe f체r Nicht-Freaks",
  url = "https://de.wikibooks.org/wiki/Mathe_f\%C3\%BCr_Nicht-Freaks:_Ordnungsrelation#Halbordnung"
}
@online{mfnf-ew-ev,
  title = "Mathe f체r Nicht-Freaks",
  url = "https://de.wikibooks.org/wiki/Mathematik:_Lineare_Algebra:_Eigenwerte_und_Eigenvektoren"
}
@online{mc-int-image,
  title = "Monte-Carlo-Simulation",
  url = "https://de.wikipedia.org/wiki/Monte-Carlo-Simulation"
}
@online{yt-detailled-balance,
  title = "Detailed balance (a.k.a. Reversibility)",
  author = "mathematicalmonk",
  url = "https://www.youtube.com/watch?v=xxDkdwQdGvs"
}
